<record><leader>00000cas a22000007a 4500</leader><controlfield tag="001">27450517</controlfield><controlfield tag="008">930216d192619uunjumr ne      0    0eng d</controlfield><datafield ind1=" " ind2=" " tag="010"><subfield code="a">sn 93060897 </subfield></datafield><datafield ind1=" " ind2=" " tag="040"><subfield code="a">NJW</subfield><subfield code="b">eng</subfield><subfield code="c">NJW</subfield><subfield code="d">OCL</subfield><subfield code="d">OCLCQ</subfield></datafield><datafield ind1="0" ind2=" " tag="130"><subfield code="a">Civic news (New Market, N.J.)</subfield></datafield><datafield ind1="1" ind2="4" tag="245"><subfield code="a">The civic news.</subfield></datafield><datafield ind1=" " ind2=" " tag="260"><subfield code="a">New Market, N.J. :</subfield><subfield code="b">[s.n.]</subfield></datafield><datafield ind1=" " ind2=" " tag="300"><subfield code="a">v.</subfield></datafield><datafield ind1=" " ind2=" " tag="310"><subfield code="a">Monthly</subfield></datafield><datafield ind1="0" ind2=" " tag="362"><subfield code="a">Vol. 1, no. 1 (Feb., 1926)-</subfield></datafield><datafield ind1=" " ind2=" " tag="500"><subfield code="a">"Published Monthly in the Interests of the Civic Association of New Market, N.J.", appears in publisher's statement.</subfield></datafield><datafield ind1=" " ind2=" " tag="752"><subfield code="a">United States</subfield><subfield code="b">New Jersey</subfield><subfield code="c">Middlesex</subfield><subfield code="d">New Market.</subfield></datafield></record>